%YAML 1.1
%TAG !u! tag:unity3d.com,2011:
--- !u!1 &1243732309
GameObject:
  m_ObjectHideFlags: 0
  m_CorrespondingSourceObject: {fileID: 0}
  m_PrefabInstance: {fileID: 0}
  m_PrefabAsset: {fileID: 0}
  serializedVersion: 6
  m_Component:
  - component: {fileID: 1243732310}
  - component: {fileID: 1243732312}
  - component: {fileID: 1243732311}
  m_Layer: 6
  m_Name: OutroLauncher
  m_TagString: Untagged
  m_Icon: {fileID: 0}
  m_NavMeshLayer: 0
  m_StaticEditorFlags: 0
  m_IsActive: 1
--- !u!4 &1243732310
Transform:
  m_ObjectHideFlags: 0
  m_CorrespondingSourceObject: {fileID: 0}
  m_PrefabInstance: {fileID: 0}
  m_PrefabAsset: {fileID: 0}
  m_GameObject: {fileID: 1243732309}
  m_LocalRotation: {x: 0, y: 0.015881801, z: 0, w: 0.9998739}
  m_LocalPosition: {x: 0, y: 0, z: 0}
  m_LocalScale: {x: 1, y: 1, z: 1}
  m_Children: []
  m_Father: {fileID: 422487353092254863}
  m_RootOrder: 0
  m_LocalEulerAnglesHint: {x: 0, y: 1.82, z: 0}
--- !u!114 &1243732312
MonoBehaviour:
  m_ObjectHideFlags: 0
  m_CorrespondingSourceObject: {fileID: 0}
  m_PrefabInstance: {fileID: 0}
  m_PrefabAsset: {fileID: 0}
  m_GameObject: {fileID: 1243732309}
  m_Enabled: 1
  m_EditorHideFlags: 0
  m_Script: {fileID: 11500000, guid: 645b809762facdf4fb0573889c58ffcc, type: 3}
  m_Name: 
  m_EditorClassIdentifier: 
--- !u!65 &1243732311
BoxCollider:
  m_ObjectHideFlags: 0
  m_CorrespondingSourceObject: {fileID: 0}
  m_PrefabInstance: {fileID: 0}
  m_PrefabAsset: {fileID: 0}
  m_GameObject: {fileID: 1243732309}
  m_Material: {fileID: 0}
  m_IsTrigger: 1
  m_Enabled: 1
  serializedVersion: 2
  m_Size: {x: 23.988113, y: 12.11057, z: 21.732134}
  m_Center: {x: 0.1540199, y: 0.09830572, z: 2.7844388}
--- !u!1 &960689596569800392
GameObject:
  m_ObjectHideFlags: 0
  m_CorrespondingSourceObject: {fileID: 0}
  m_PrefabInstance: {fileID: 0}
  m_PrefabAsset: {fileID: 0}
  serializedVersion: 6
  m_Component:
  - component: {fileID: 2277568911063667999}
  m_Layer: 0
  m_Name: Terrain
  m_TagString: Untagged
  m_Icon: {fileID: 0}
  m_NavMeshLayer: 0
  m_StaticEditorFlags: 4294967295
  m_IsActive: 1
--- !u!4 &2277568911063667999
Transform:
  m_ObjectHideFlags: 0
  m_CorrespondingSourceObject: {fileID: 0}
  m_PrefabInstance: {fileID: 0}
  m_PrefabAsset: {fileID: 0}
  m_GameObject: {fileID: 960689596569800392}
  m_LocalRotation: {x: 0, y: 0, z: 0, w: 1}
  m_LocalPosition: {x: 0, y: 0, z: 0}
  m_LocalScale: {x: 1, y: 1, z: 1}
  m_Children:
  - {fileID: 3600652967388126755}
  - {fileID: 5244332493266912017}
  - {fileID: 4857064776345012692}
  m_Father: {fileID: 0}
  m_RootOrder: 0
  m_LocalEulerAnglesHint: {x: 0, y: 0, z: 0}
--- !u!1 &2248859083747511190
GameObject:
  m_ObjectHideFlags: 0
  m_CorrespondingSourceObject: {fileID: 0}
  m_PrefabInstance: {fileID: 0}
  m_PrefabAsset: {fileID: 0}
  serializedVersion: 6
  m_Component:
  - component: {fileID: 7857365599655462049}
  - component: {fileID: 4137542579642911932}
  - component: {fileID: 4253925072693514733}
  m_Layer: 6
  m_Name: Terrain_final_03
  m_TagString: Untagged
  m_Icon: {fileID: 0}
  m_NavMeshLayer: 0
  m_StaticEditorFlags: 4294967295
  m_IsActive: 1
--- !u!4 &7857365599655462049
Transform:
  m_ObjectHideFlags: 0
  m_CorrespondingSourceObject: {fileID: 0}
  m_PrefabInstance: {fileID: 0}
  m_PrefabAsset: {fileID: 0}
  m_GameObject: {fileID: 2248859083747511190}
  m_LocalRotation: {x: -0, y: -0, z: -0, w: 1}
  m_LocalPosition: {x: -119.4, y: -28.17, z: -151.4}
  m_LocalScale: {x: 1, y: 1, z: 1}
  m_Children: []
  m_Father: {fileID: 3600652967388126755}
  m_RootOrder: 2
  m_LocalEulerAnglesHint: {x: 0, y: 0, z: 0}
--- !u!218 &4137542579642911932
Terrain:
  m_ObjectHideFlags: 0
  m_CorrespondingSourceObject: {fileID: 0}
  m_PrefabInstance: {fileID: 0}
  m_PrefabAsset: {fileID: 0}
  m_GameObject: {fileID: 2248859083747511190}
  m_Enabled: 1
  serializedVersion: 6
  m_TerrainData: {fileID: 15600000, guid: b2b63866e58877a488e719db4275031c, type: 2}
  m_TreeDistance: 5000
  m_TreeBillboardDistance: 50
  m_TreeCrossFadeLength: 5
  m_TreeMaximumFullLODCount: 50
  m_DetailObjectDistance: 250
  m_DetailObjectDensity: 1
  m_HeightmapPixelError: 5
  m_SplatMapDistance: 1000
  m_HeightmapMaximumLOD: 0
  m_ShadowCastingMode: 2
  m_DrawHeightmap: 1
  m_DrawInstanced: 0
  m_DrawTreesAndFoliage: 1
  m_ReflectionProbeUsage: 2
  m_MaterialTemplate: {fileID: 2100000, guid: ae950c2f4124ed4438cb7de41afd963a, type: 2}
  m_BakeLightProbesForTrees: 1
  m_PreserveTreePrototypeLayers: 0
  m_DeringLightProbesForTrees: 0
  m_ScaleInLightmap: 0.00625
  m_LightmapParameters: {fileID: 15203, guid: 0000000000000000f000000000000000, type: 0}
  m_GroupingID: 0
  m_RenderingLayerMask: 257
  m_AllowAutoConnect: 1
--- !u!154 &4253925072693514733
TerrainCollider:
  m_ObjectHideFlags: 0
  m_CorrespondingSourceObject: {fileID: 0}
  m_PrefabInstance: {fileID: 0}
  m_PrefabAsset: {fileID: 0}
  m_GameObject: {fileID: 2248859083747511190}
  m_Material: {fileID: 0}
  m_Enabled: 1
  m_TerrainData: {fileID: 15600000, guid: b2b63866e58877a488e719db4275031c, type: 2}
  m_EnableTreeColliders: 1
--- !u!1 &6141845036812395157
GameObject:
  m_ObjectHideFlags: 0
  m_CorrespondingSourceObject: {fileID: 0}
  m_PrefabInstance: {fileID: 0}
  m_PrefabAsset: {fileID: 0}
  serializedVersion: 6
  m_Component:
  - component: {fileID: 1215090246694823548}
  - component: {fileID: 9200132516509142812}
  - component: {fileID: 290233479017148996}
  m_Layer: 6
  m_Name: Terrain_final_01
  m_TagString: Untagged
  m_Icon: {fileID: 0}
  m_NavMeshLayer: 0
  m_StaticEditorFlags: 4294967295
  m_IsActive: 1
--- !u!4 &1215090246694823548
Transform:
  m_ObjectHideFlags: 0
  m_CorrespondingSourceObject: {fileID: 0}
  m_PrefabInstance: {fileID: 0}
  m_PrefabAsset: {fileID: 0}
  m_GameObject: {fileID: 6141845036812395157}
  m_LocalRotation: {x: -0, y: -0, z: -0, w: 1}
  m_LocalPosition: {x: -343.96313, y: -94.838135, z: -387.1162}
  m_LocalScale: {x: 1, y: 1, z: 1}
  m_Children: []
  m_Father: {fileID: 3600652967388126755}
  m_RootOrder: 0
  m_LocalEulerAnglesHint: {x: 0, y: 0, z: 0}
--- !u!218 &9200132516509142812
Terrain:
  m_ObjectHideFlags: 0
  m_CorrespondingSourceObject: {fileID: 0}
  m_PrefabInstance: {fileID: 0}
  m_PrefabAsset: {fileID: 0}
  m_GameObject: {fileID: 6141845036812395157}
  m_Enabled: 1
  serializedVersion: 6
  m_TerrainData: {fileID: 15600000, guid: 3e095de08c7d71749ad6f83b501d2d6b, type: 2}
  m_TreeDistance: 5000
  m_TreeBillboardDistance: 50
  m_TreeCrossFadeLength: 5
  m_TreeMaximumFullLODCount: 50
  m_DetailObjectDistance: 250
  m_DetailObjectDensity: 1
  m_HeightmapPixelError: 1
  m_SplatMapDistance: 1500
  m_HeightmapMaximumLOD: 0
  m_ShadowCastingMode: 2
  m_DrawHeightmap: 1
  m_DrawInstanced: 1
  m_DrawTreesAndFoliage: 1
  m_ReflectionProbeUsage: 2
  m_MaterialTemplate: {fileID: 2100000, guid: ae950c2f4124ed4438cb7de41afd963a, type: 2}
  m_BakeLightProbesForTrees: 1
  m_PreserveTreePrototypeLayers: 0
  m_DeringLightProbesForTrees: 0
  m_ScaleInLightmap: 0.00625
  m_LightmapParameters: {fileID: 15203, guid: 0000000000000000f000000000000000, type: 0}
  m_GroupingID: 0
  m_RenderingLayerMask: 257
  m_AllowAutoConnect: 1
--- !u!154 &290233479017148996
TerrainCollider:
  m_ObjectHideFlags: 0
  m_CorrespondingSourceObject: {fileID: 0}
  m_PrefabInstance: {fileID: 0}
  m_PrefabAsset: {fileID: 0}
  m_GameObject: {fileID: 6141845036812395157}
  m_Material: {fileID: 0}
  m_Enabled: 1
  m_TerrainData: {fileID: 15600000, guid: 3e095de08c7d71749ad6f83b501d2d6b, type: 2}
  m_EnableTreeColliders: 1
--- !u!1 &6424719306659869516
GameObject:
  m_ObjectHideFlags: 0
  m_CorrespondingSourceObject: {fileID: 0}
  m_PrefabInstance: {fileID: 0}
  m_PrefabAsset: {fileID: 0}
  serializedVersion: 6
  m_Component:
  - component: {fileID: 4326587806212737673}
  - component: {fileID: 6462820191852462945}
  - component: {fileID: 300974732573776787}
  m_Layer: 6
  m_Name: Terrain_final_02
  m_TagString: Untagged
  m_Icon: {fileID: 0}
  m_NavMeshLayer: 0
  m_StaticEditorFlags: 4294967295
  m_IsActive: 1
--- !u!4 &4326587806212737673
Transform:
  m_ObjectHideFlags: 0
  m_CorrespondingSourceObject: {fileID: 0}
  m_PrefabInstance: {fileID: 0}
  m_PrefabAsset: {fileID: 0}
  m_GameObject: {fileID: 6424719306659869516}
  m_LocalRotation: {x: -0, y: -0, z: -0, w: 1}
  m_LocalPosition: {x: -342.46313, y: -94.23816, z: -317.31616}
  m_LocalScale: {x: 1, y: 1, z: 1}
  m_Children: []
  m_Father: {fileID: 3600652967388126755}
  m_RootOrder: 1
  m_LocalEulerAnglesHint: {x: 0, y: 0, z: 0}
--- !u!218 &6462820191852462945
Terrain:
  m_ObjectHideFlags: 0
  m_CorrespondingSourceObject: {fileID: 0}
  m_PrefabInstance: {fileID: 0}
  m_PrefabAsset: {fileID: 0}
  m_GameObject: {fileID: 6424719306659869516}
  m_Enabled: 1
  serializedVersion: 6
  m_TerrainData: {fileID: 15600000, guid: 1b1af2cc2fcaee74d8ac338509dc1cca, type: 2}
  m_TreeDistance: 5000
  m_TreeBillboardDistance: 50
  m_TreeCrossFadeLength: 5
  m_TreeMaximumFullLODCount: 50
  m_DetailObjectDistance: 250
  m_DetailObjectDensity: 1
  m_HeightmapPixelError: 5
  m_SplatMapDistance: 1000
  m_HeightmapMaximumLOD: 0
  m_ShadowCastingMode: 2
  m_DrawHeightmap: 1
  m_DrawInstanced: 0
  m_DrawTreesAndFoliage: 1
  m_ReflectionProbeUsage: 2
  m_MaterialTemplate: {fileID: 2100000, guid: ae950c2f4124ed4438cb7de41afd963a, type: 2}
  m_BakeLightProbesForTrees: 1
  m_PreserveTreePrototypeLayers: 0
  m_DeringLightProbesForTrees: 0
  m_ScaleInLightmap: 0.00625
  m_LightmapParameters: {fileID: 15203, guid: 0000000000000000f000000000000000, type: 0}
  m_GroupingID: 0
  m_RenderingLayerMask: 257
  m_AllowAutoConnect: 1
--- !u!154 &300974732573776787
TerrainCollider:
  m_ObjectHideFlags: 0
  m_CorrespondingSourceObject: {fileID: 0}
  m_PrefabInstance: {fileID: 0}
  m_PrefabAsset: {fileID: 0}
  m_GameObject: {fileID: 6424719306659869516}
  m_Material: {fileID: 0}
  m_Enabled: 1
  m_TerrainData: {fileID: 15600000, guid: 1b1af2cc2fcaee74d8ac338509dc1cca, type: 2}
  m_EnableTreeColliders: 1
--- !u!1 &6573766528462255155
GameObject:
  m_ObjectHideFlags: 0
  m_CorrespondingSourceObject: {fileID: 0}
  m_PrefabInstance: {fileID: 0}
  m_PrefabAsset: {fileID: 0}
  serializedVersion: 6
  m_Component:
  - component: {fileID: 3600652967388126755}
  m_Layer: 6
  m_Name: Terrains
  m_TagString: Untagged
  m_Icon: {fileID: 0}
  m_NavMeshLayer: 0
  m_StaticEditorFlags: 4294967295
  m_IsActive: 1
--- !u!4 &3600652967388126755
Transform:
  m_ObjectHideFlags: 0
  m_CorrespondingSourceObject: {fileID: 0}
  m_PrefabInstance: {fileID: 0}
  m_PrefabAsset: {fileID: 0}
  m_GameObject: {fileID: 6573766528462255155}
  m_LocalRotation: {x: 0, y: 0, z: 0, w: 1}
  m_LocalPosition: {x: 0, y: 0, z: 0}
  m_LocalScale: {x: 1, y: 1, z: 1}
  m_Children:
  - {fileID: 1215090246694823548}
  - {fileID: 4326587806212737673}
  - {fileID: 7857365599655462049}
  m_Father: {fileID: 2277568911063667999}
  m_RootOrder: 0
  m_LocalEulerAnglesHint: {x: 0, y: 0, z: 0}
--- !u!1001 &256450184295293503
PrefabInstance:
  m_ObjectHideFlags: 0
  serializedVersion: 2
  m_Modification:
    m_TransformParent: {fileID: 2277568911063667999}
    m_Modifications:
    - target: {fileID: 2007615683804034396, guid: e13ae26849ba0b7408ca9be33778694f, type: 3}
      propertyPath: m_Name
      value: prfb_Tunnel
      objectReference: {fileID: 0}
    - target: {fileID: 2007615683804034396, guid: e13ae26849ba0b7408ca9be33778694f, type: 3}
      propertyPath: m_IsActive
      value: 1
      objectReference: {fileID: 0}
    - target: {fileID: 3583816709262708401, guid: e13ae26849ba0b7408ca9be33778694f, type: 3}
      propertyPath: m_SceneBindings.Array.size
      value: 6
      objectReference: {fileID: 0}
    - target: {fileID: 3583816709262708401, guid: e13ae26849ba0b7408ca9be33778694f, type: 3}
      propertyPath: m_SceneBindings.Array.data[5].key
      value: 
      objectReference: {fileID: -7050750485016607997, guid: e1bd6c993087b9049b5395771501c4ec, type: 2}
    - target: {fileID: 3583816709262708401, guid: e13ae26849ba0b7408ca9be33778694f, type: 3}
      propertyPath: m_SceneBindings.Array.data[4].value
      value: 
      objectReference: {fileID: 0}
    - target: {fileID: 4677228711271623659, guid: e13ae26849ba0b7408ca9be33778694f, type: 3}
      propertyPath: m_RootOrder
      value: 2
      objectReference: {fileID: 0}
    - target: {fileID: 4677228711271623659, guid: e13ae26849ba0b7408ca9be33778694f, type: 3}
      propertyPath: m_LocalPosition.x
      value: -9.739017
      objectReference: {fileID: 0}
    - target: {fileID: 4677228711271623659, guid: e13ae26849ba0b7408ca9be33778694f, type: 3}
      propertyPath: m_LocalPosition.y
      value: -5.4
      objectReference: {fileID: 0}
    - target: {fileID: 4677228711271623659, guid: e13ae26849ba0b7408ca9be33778694f, type: 3}
      propertyPath: m_LocalPosition.z
      value: 2.8
      objectReference: {fileID: 0}
    - target: {fileID: 4677228711271623659, guid: e13ae26849ba0b7408ca9be33778694f, type: 3}
      propertyPath: m_LocalRotation.w
      value: 1
      objectReference: {fileID: 0}
    - target: {fileID: 4677228711271623659, guid: e13ae26849ba0b7408ca9be33778694f, type: 3}
      propertyPath: m_LocalRotation.x
      value: -0
      objectReference: {fileID: 0}
    - target: {fileID: 4677228711271623659, guid: e13ae26849ba0b7408ca9be33778694f, type: 3}
      propertyPath: m_LocalRotation.y
      value: -0
      objectReference: {fileID: 0}
    - target: {fileID: 4677228711271623659, guid: e13ae26849ba0b7408ca9be33778694f, type: 3}
      propertyPath: m_LocalRotation.z
      value: -0
      objectReference: {fileID: 0}
    - target: {fileID: 4677228711271623659, guid: e13ae26849ba0b7408ca9be33778694f, type: 3}
      propertyPath: m_LocalEulerAnglesHint.x
      value: 0
      objectReference: {fileID: 0}
    - target: {fileID: 4677228711271623659, guid: e13ae26849ba0b7408ca9be33778694f, type: 3}
      propertyPath: m_LocalEulerAnglesHint.y
      value: 0
      objectReference: {fileID: 0}
    - target: {fileID: 4677228711271623659, guid: e13ae26849ba0b7408ca9be33778694f, type: 3}
      propertyPath: m_LocalEulerAnglesHint.z
      value: 0
      objectReference: {fileID: 0}
    m_RemovedComponents: []
  m_SourcePrefab: {fileID: 100100000, guid: e13ae26849ba0b7408ca9be33778694f, type: 3}
--- !u!4 &4857064776345012692 stripped
Transform:
  m_CorrespondingSourceObject: {fileID: 4677228711271623659, guid: e13ae26849ba0b7408ca9be33778694f, type: 3}
  m_PrefabInstance: {fileID: 256450184295293503}
  m_PrefabAsset: {fileID: 0}
--- !u!1001 &2144246473817827716
PrefabInstance:
  m_ObjectHideFlags: 0
  serializedVersion: 2
  m_Modification:
    m_TransformParent: {fileID: 2277568911063667999}
    m_Modifications:
    - target: {fileID: 862514657082884212, guid: e44ba13987fd1604092687d706296079, type: 3}
      propertyPath: m_Layer
      value: 11
      objectReference: {fileID: 0}
    - target: {fileID: 862514657082884212, guid: e44ba13987fd1604092687d706296079, type: 3}
      propertyPath: m_StaticEditorFlags
      value: 4294967295
      objectReference: {fileID: 0}
    - target: {fileID: 1822189503544696927, guid: e44ba13987fd1604092687d706296079, type: 3}
      propertyPath: m_Layer
      value: 11
      objectReference: {fileID: 0}
    - target: {fileID: 1822189503544696927, guid: e44ba13987fd1604092687d706296079, type: 3}
      propertyPath: m_StaticEditorFlags
      value: 4294967295
      objectReference: {fileID: 0}
    - target: {fileID: 3018709723271233511, guid: e44ba13987fd1604092687d706296079, type: 3}
      propertyPath: m_Name
      value: prfb_Grotte
      objectReference: {fileID: 0}
    - target: {fileID: 3018709723271233511, guid: e44ba13987fd1604092687d706296079, type: 3}
      propertyPath: m_StaticEditorFlags
      value: 4294967295
      objectReference: {fileID: 0}
    - target: {fileID: 6126716642437966485, guid: e44ba13987fd1604092687d706296079, type: 3}
      propertyPath: m_RootOrder
      value: 1
      objectReference: {fileID: 0}
    - target: {fileID: 6126716642437966485, guid: e44ba13987fd1604092687d706296079, type: 3}
      propertyPath: m_LocalPosition.x
      value: -8.92
      objectReference: {fileID: 0}
    - target: {fileID: 6126716642437966485, guid: e44ba13987fd1604092687d706296079, type: 3}
      propertyPath: m_LocalPosition.y
      value: -5.5299997
      objectReference: {fileID: 0}
    - target: {fileID: 6126716642437966485, guid: e44ba13987fd1604092687d706296079, type: 3}
      propertyPath: m_LocalPosition.z
      value: 1.45
      objectReference: {fileID: 0}
    - target: {fileID: 6126716642437966485, guid: e44ba13987fd1604092687d706296079, type: 3}
      propertyPath: m_LocalRotation.w
      value: 1
      objectReference: {fileID: 0}
    - target: {fileID: 6126716642437966485, guid: e44ba13987fd1604092687d706296079, type: 3}
      propertyPath: m_LocalRotation.x
      value: -0
      objectReference: {fileID: 0}
    - target: {fileID: 6126716642437966485, guid: e44ba13987fd1604092687d706296079, type: 3}
      propertyPath: m_LocalRotation.y
      value: -0
      objectReference: {fileID: 0}
    - target: {fileID: 6126716642437966485, guid: e44ba13987fd1604092687d706296079, type: 3}
      propertyPath: m_LocalRotation.z
      value: -0
      objectReference: {fileID: 0}
    - target: {fileID: 6126716642437966485, guid: e44ba13987fd1604092687d706296079, type: 3}
      propertyPath: m_LocalEulerAnglesHint.x
      value: 0
      objectReference: {fileID: 0}
    - target: {fileID: 6126716642437966485, guid: e44ba13987fd1604092687d706296079, type: 3}
      propertyPath: m_LocalEulerAnglesHint.y
      value: 0
      objectReference: {fileID: 0}
    - target: {fileID: 6126716642437966485, guid: e44ba13987fd1604092687d706296079, type: 3}
      propertyPath: m_LocalEulerAnglesHint.z
      value: 0
      objectReference: {fileID: 0}
    - target: {fileID: 8380720430328293635, guid: e44ba13987fd1604092687d706296079, type: 3}
      propertyPath: m_Layer
      value: 11
      objectReference: {fileID: 0}
    - target: {fileID: 8380720430328293635, guid: e44ba13987fd1604092687d706296079, type: 3}
      propertyPath: m_StaticEditorFlags
      value: 4294967295
      objectReference: {fileID: 0}
    m_RemovedComponents: []
  m_SourcePrefab: {fileID: 100100000, guid: e44ba13987fd1604092687d706296079, type: 3}
--- !u!4 &5244332493266912017 stripped
Transform:
  m_CorrespondingSourceObject: {fileID: 6126716642437966485, guid: e44ba13987fd1604092687d706296079, type: 3}
  m_PrefabInstance: {fileID: 2144246473817827716}
  m_PrefabAsset: {fileID: 0}
--- !u!4 &422487353092254863 stripped
Transform:
  m_CorrespondingSourceObject: {fileID: 1737578897016554763, guid: e44ba13987fd1604092687d706296079, type: 3}
  m_PrefabInstance: {fileID: 2144246473817827716}
  m_PrefabAsset: {fileID: 0}
